@ONLINE {DIY,
    author = {MICHAEL JANICH},
    title  = {BUILDING A DIY PARABOLIC SOLAR COOKER},
    month  = Aug,
    year   = {2017},
    url    = {https://www.offgridweb.com/preparation/building-a-diy-parabolic-solar-cooker/},
}

@ONLINE {Solar-Physics,
    author = {Warren Morningstar},
    title  = {The Physics of Solar Concentration},
    month  = Dec,
    year   = {2017},
    url    = {http://large.stanford.edu/courses/2016/ph240/morningstar1/},
}

@ONLINE {Reflector,
    author = {Shaik Mohasin},
    title  = {World of Energy},
    month  = Aug,
    year   = {2012},
    url    = {https://shaikmohasin.wordpress.com/2012/08/25/parabolic-dish-system/},
}

@ONLINE {Parabola,
    author = {W. E. Johns},
    title  = {Notes on Laying Out a Parabola},
    year   = {2003},
    url    = {http://www.gizmology.net/parabola.htm},
}

@ONLINE {Trough-Gen,
    author = {Chuck Marken},
    title  = {Solar Collectors ...Behind the Glass},
    year   = {2009},
    url    = {https://www.homepower.com/articles/solar-water-heating/equipment-products/solar-collectors-behind-glass},
}

@PHDTHESIS {Steam-Gen,
    author = {John Dascomb},
    title = {LOW-COST CONCENTRATING SOLAR COLLECTOR FOR STEAM GENERATION},
    school = {Florida State University},
    year = {2009},
}

@online{Basking-in-the-Sun,
    author = {Tom Murphy},
    title = {Basking in the Sun},
    year = {2012},
    URL = {https://dothemath.ucsd.edu/2012/01/basking-in-the-sun/},
}
